<record><leader>00000cas a22000007a 4500</leader><controlfield tag="001">13060204</controlfield><controlfield tag="008">860124d19001901wvudr ne      0    0eng d</controlfield><datafield ind1=" " ind2=" " tag="010"><subfield code="a">sn 86092143 </subfield></datafield><datafield ind1=" " ind2=" " tag="040"><subfield code="a">WVC</subfield><subfield code="b">eng</subfield><subfield code="c">WVC</subfield><subfield code="d">OCL</subfield><subfield code="d">OCLCQ</subfield></datafield><datafield ind1=" " ind2=" " tag="042"><subfield code="a">msc</subfield></datafield><datafield ind1="0" ind2="0" tag="245"><subfield code="a">Mail tribune.</subfield></datafield><datafield ind1=" " ind2=" " tag="260"><subfield code="a">Charleston, W. Va. :</subfield><subfield code="b">Tribune Co.,</subfield><subfield code="c">-1901.</subfield></datafield><datafield ind1=" " ind2=" " tag="300"><subfield code="a">v.</subfield></datafield><datafield ind1=" " ind2=" " tag="310"><subfield code="a">Daily</subfield></datafield><datafield ind1="1" ind2=" " tag="362"><subfield code="a">Began in 1900.</subfield></datafield><datafield ind1="0" ind2=" " tag="362"><subfield code="a">-v. 16, no. 3 (June 21, 1901).</subfield></datafield><datafield ind1=" " ind2=" " tag="500"><subfield code="a">Changed name after Apr. 29, 1900.</subfield></datafield><datafield ind1=" " ind2=" " tag="588"><subfield code="a">Description based on: Vol. 14, no. 148 (June 1, 1900).</subfield></datafield><datafield ind1=" " ind2=" " tag="752"><subfield code="a">United States</subfield><subfield code="b">West Virginia</subfield><subfield code="c">Kanawha</subfield><subfield code="d">Charleston.</subfield></datafield><datafield ind1="0" ind2=" " tag="775"><subfield code="t">Weekly mail tribune</subfield><subfield code="w">(DLC)sn 86092128</subfield></datafield><datafield ind1="0" ind2="0" tag="780"><subfield code="t">Daily mail tribune</subfield><subfield code="w">(DLC)sn 86092142</subfield></datafield><datafield ind1="0" ind2="0" tag="785"><subfield code="t">Charleston daily mail (Charleston, W. Va. : 1901)</subfield><subfield code="w">(DLC)sn 86092144</subfield></datafield><datafield ind1="1" ind2=" " tag="029"><subfield code="a">AU@</subfield><subfield code="b">000023602855</subfield></datafield></record>